/Users/mohammad/.latexClass/biblio.bib